@article{doerr2017a,
  author = {Doerr, Benjamin and Fischer, Paul and Hilbert, Astrid and Witt, Carsten},
  title = {Detecting structural breaks in time series via genetic algorithms},
  language = {eng},
  format = {article},
  journal = {Soft Computing},
  volume = {21},
  number = {16},
  pages = {4707-4720},
  year = {2017},
  issn = {14337479, 14327643},
  doi = {10.1007/s00500-016-2079-0}
}

@article{thede2014,
    author = {Thede, Scott},
    year = {2004},
    month = {10},
    pages = {},
    title = {An introduction to genetic algorithms},
    volume = {20},
    journal = {Journal of Computing Sciences in Colleges}
}

@article{compstat14,
  author          = {Fischer, Paul and Hilbert, Astrid},
  title           = {Fast Detection of Structural Breaks},
  journal         = {COMPSTAT},
  volume          = {},
  number          = {},
  year            = {2014}
}

@book{coley1999a,
  author = {Coley, D.A.},
  title = {An introduction to genetic algorithms for scientists and engineers},
  language = {eng},
  format = {book},
  pages = {227 s.},
  year = {1999},
  isbn = {9810236026},
  publisher = {World Scientific Publ.,}
}

@online{tutpoint,
  author       = {Tutorials Point},
  title        = {Genetic Algorithms}, 
  url          = "https://www.tutorialspoint.com/genetic_algorithms/genetic_algorithms_quick_guide.htm"
}